[gd_scene load_steps=4 format=2]

[ext_resource path="res://Images/GUI/dollarSign.png" type="Texture" id=1]
[ext_resource path="res://Scenes/TowerButton.tscn" type="PackedScene" id=2]
[ext_resource path="res://Scripts/GUI.gd" type="Script" id=3]

[node name="GUI" type="VBoxContainer"]
margin_left = -2.0
margin_right = 1022.0
margin_bottom = 600.0
size_flags_horizontal = 0
size_flags_vertical = 0
script = ExtResource( 3 )
__meta__ = {
"_edit_use_anchors_": false
}

[node name="MarginContainer" type="MarginContainer" parent="."]
margin_right = 1024.0
margin_bottom = 50.0

[node name="HBoxContainer2" type="HBoxContainer" parent="MarginContainer"]
margin_right = 1024.0
margin_bottom = 50.0
__meta__ = {
"_edit_use_anchors_": false
}

[node name="Bars" type="VBoxContainer" parent="MarginContainer/HBoxContainer2"]
margin_right = 100.0
margin_bottom = 50.0

[node name="Bar" type="HBoxContainer" parent="MarginContainer/HBoxContainer2/Bars"]
margin_right = 100.0
margin_bottom = 50.0

[node name="Count" type="MarginContainer" parent="MarginContainer/HBoxContainer2/Bars/Bar"]
margin_right = 100.0
margin_bottom = 50.0

[node name="Background" type="NinePatchRect" parent="MarginContainer/HBoxContainer2/Bars/Bar/Count"]
margin_right = 100.0
margin_bottom = 50.0
rect_min_size = Vector2( 100, 50 )

[node name="Title" type="TextureRect" parent="MarginContainer/HBoxContainer2/Bars/Bar/Count/Background"]
margin_right = 64.0
margin_bottom = 64.0
rect_scale = Vector2( 0.8, 0.8 )
texture = ExtResource( 1 )
stretch_mode = 4
__meta__ = {
"_edit_use_anchors_": false
}

[node name="MoneyNumber" type="Label" parent="MarginContainer/HBoxContainer2/Bars/Bar/Count/Background"]
anchor_right = 1.0
anchor_bottom = 1.0
size_flags_horizontal = 3
align = 2
valign = 1
__meta__ = {
"_edit_use_anchors_": false
}

[node name="HBoxContainer" type="HBoxContainer" parent="."]
margin_top = 54.0
margin_right = 1024.0
margin_bottom = 504.0
rect_min_size = Vector2( 0, 450 )

[node name="MarginContainer2" type="MarginContainer" parent="."]
margin_top = 508.0
margin_right = 1024.0
margin_bottom = 588.0

[node name="HBoxContainer" type="HBoxContainer" parent="MarginContainer2"]
margin_right = 1024.0
margin_bottom = 80.0

[node name="BasicTowerButton" parent="MarginContainer2/HBoxContainer" instance=ExtResource( 2 )]
[connection signal="button_down" from="MarginContainer2/HBoxContainer/BasicTowerButton" to="." method="_on_BasicTowerButton_button_down"]
